@ONLINE{EIA,
author = {Energy Information Administration},
title = {April 2015 {Monthly} {Energy} {Review}},
month = April,
year = {2015},
url = {http://www.eia.gov/totalenergy/data/monthly/archive/00351504.pdf}
}

@ONLINE{Environment,
author = {Environment Magazine},
title = {The Short List: The Most Effective Actions {U.S.} Households Can Take to Curb Climate Change},
month = December,
year = {2009},
url = {http://www.environmentmagazine.org/archives/back%20issues/september-october%202008/gardner-stern-full.html}
}
@ONLINE{CensusOne,
author = {UC Census Bureau},
title = {Annual Estimates of Housing Units for the {United} {States}},
month = April,
year = {2015},
url = {http://factfinder.census.gov/faces/tableservices/jsf/pages/productview.xhtml?src=bkmk}
}
